<record><leader>00000cas a22000007a 4500</leader><controlfield tag="001">12010597</controlfield><controlfield tag="008">850508c197u9999cauwn ne      0   b0hun c</controlfield><datafield ind1=" " ind2=" " tag="010"><subfield code="a">sn 90001395 </subfield></datafield><datafield ind1=" " ind2=" " tag="040"><subfield code="a">MSH</subfield><subfield code="b">eng</subfield><subfield code="c">MSH</subfield><subfield code="d">NSD</subfield><subfield code="d">CNK</subfield><subfield code="d">NSD</subfield><subfield code="d">OCLCQ</subfield><subfield code="d">OCLCF</subfield><subfield code="d">OCLCO</subfield></datafield><datafield ind1=" " ind2=" " tag="012"><subfield code="m">1</subfield></datafield><datafield ind1="0" ind2=" " tag="022"><subfield code="a">1050-1967</subfield><subfield code="l">1050-1967</subfield><subfield code="2">1</subfield></datafield><datafield ind1="1" ind2=" " tag="029"><subfield code="a">AU@</subfield><subfield code="b">000020577917</subfield></datafield><datafield ind1=" " ind2=" " tag="032"><subfield code="a">968600</subfield><subfield code="b">USPS</subfield></datafield><datafield ind1=" " ind2=" " tag="037"><subfield code="b">U&#769;j Vila&#769;g, 15005 S. Vermont Ave., Gardena, CA 90247</subfield></datafield><datafield ind1=" " ind2=" " tag="042"><subfield code="a">nsdp</subfield><subfield code="a">pcc</subfield></datafield><datafield ind1=" " ind2=" " tag="043"><subfield code="a">n-us-ca</subfield></datafield><datafield ind1="1" ind2="0" tag="082"><subfield code="a">071</subfield><subfield code="2">11</subfield></datafield><datafield ind1="0" ind2=" " tag="210"><subfield code="a">U&#769;j vila&#769;g</subfield></datafield><datafield ind1=" " ind2="0" tag="222"><subfield code="a">U&#769;j vila&#769;g</subfield></datafield><datafield ind1="0" ind2="0" tag="245"><subfield code="a">U&#769;j vila&#769;g :</subfield><subfield code="b">az amerikai magyar csala&#769;dok lapja.</subfield></datafield><datafield ind1="3" ind2="1" tag="246"><subfield code="a">New world</subfield><subfield code="f">&lt;Mar. 30, 1990-&gt;</subfield></datafield><datafield ind1=" " ind2=" " tag="260"><subfield code="a">Los Angeles, CA. :</subfield><subfield code="b">Kurir Pub. Co.</subfield></datafield><datafield ind1=" " ind2=" " tag="300"><subfield code="a">v.</subfield></datafield><datafield ind1=" " ind2=" " tag="310"><subfield code="a">Weekly, except last week of June and first week of July</subfield></datafield><datafield ind1=" " ind2=" " tag="500"><subfield code="a">Imprint varies: Gardena, CA : Glocos, Inc., &lt;Mar. 30, 1990-&gt;</subfield></datafield><datafield ind1=" " ind2=" " tag="588"><subfield code="a">Description based on: Vol. 3, no. 1 (Jan. 4, 1974).</subfield></datafield><datafield ind1=" " ind2=" " tag="588"><subfield code="a">Latest issue consulted: Vol. 19, e&#769;vf. 13.sza&#769;m (1990. ma&#769;rc. 30.).</subfield></datafield><datafield ind1=" " ind2="0" tag="650"><subfield code="a">Hungarians</subfield><subfield code="z">California</subfield><subfield code="v">Newspapers.</subfield></datafield><datafield ind1=" " ind2="0" tag="651"><subfield code="a">Los Angeles (Calif.)</subfield><subfield code="v">Newspapers.</subfield></datafield><datafield ind1=" " ind2="7" tag="655"><subfield code="a">Newspapers.</subfield><subfield code="2">fast</subfield><subfield code="0">(OCoLC)fst01423814</subfield></datafield><datafield ind1=" " ind2="7" tag="650"><subfield code="a">Hungarians.</subfield><subfield code="2">fast</subfield><subfield code="0">(OCoLC)fst00964057</subfield></datafield><datafield ind1=" " ind2="7" tag="651"><subfield code="a">California.</subfield><subfield code="2">fast</subfield><subfield code="0">(OCoLC)fst01204928</subfield></datafield><datafield ind1=" " ind2="7" tag="651"><subfield code="a">California</subfield><subfield code="z">Los Angeles.</subfield><subfield code="2">fast</subfield><subfield code="0">(OCoLC)fst01204540</subfield></datafield><datafield ind1=" " ind2=" " tag="752"><subfield code="a">United States</subfield><subfield code="b">California</subfield><subfield code="c">Los Angeles</subfield><subfield code="d">Los Angeles.</subfield></datafield></record>